@article{paper,
title = {On the derivation of the {Kompaneets} equation},
journal = {Astroparticle Physics},
volume = {133},
pages = {102644},
year = {2021},
issn = {0927-6505},
doi = {https://doi.org/10.1016/j.astropartphys.2021.102644},
url = {https://www.sciencedirect.com/science/article/pii/S0927650521000797},
author = {Guilherme Eduardo {Freire Oliveira} and Christian Maes and Kasper Meerts},
keywords = {Cosmic Microwave background radiation, Plasma physics, Radiation mechanics: Thermal},
}

@article{blumenthalgould,
  title = {Bremsstrahlung, Synchrotron Radiation, and {Compton} Scattering of High-Energy Electrons Traversing Dilute Gases},
  author = {Blumenthal, George R. and Gould, Robert J.},
  journal = {Rev. Mod. Phys.},
  volume = {42},
  issue = {2},
  pages = {237--270},
  numpages = {0},
  year = {1970},
  month = Apr,
  publisher = {American Physical Society},
  doi = {10.1103/RevModPhys.42.237},
  url = {https://link.aps.org/doi/10.1103/RevModPhys.42.237}
}

@mastersthesis{gui,
school = {KU Leuven. Faculteit Wetenschappen},
year = {2021},
title = {Statistical Mechanics of the {Kompaneets} Equation},
address = {Leuven},
author = {Freire Oliveira, Guilherme Eduardo},
}

@article{zeldovich,
  doi = {10.1070/pu1975v018n02abeh001947},
  url = {https://doi.org/10.1070/pu1975v018n02abeh001947},
  year = {1975},
  month = feb,
  publisher = {{IOP} Publishing},
  volume = {18},
  number = {2},
  pages = {79--98},
  author = {Ya B Zeldovich},
  title = {Interaction of free electrons with electromagnetic radiation},
  journal = {Soviet Physics Uspekhi}
}
@book{peebles,
  title={Finding the {Big Bang}},
  author={Peebles, P James E and Page Jr, Lyman A and Partridge, R Bruce},
  year={2009},
  publisher={Cambridge University Press}
}

@book{longair,
  title={High energy astrophysics},
  author={Longair, Malcolm S},
  year={2010},
  publisher={Cambridge university press}
}
@ARTICLE{kompa,
       author = {{Kompaneets}, A.~S.},
        title = "{The Establishment of Thermal Equilibrium between Quanta and Electrons}",
      journal = {Soviet Journal of Experimental and Theoretical Physics},
         year = 1957,
        month = may,
       volume = {4},
       number = {5},
        pages = {730-737},
       adsurl = {https://ui.adsabs.harvard.edu/abs/1957JETP....4..730K},
      adsnote = {Provided by the SAO/NASA Astrophysics Data System}
}
@article{sunyaeveffect,
  doi = {10.1038/223721a0},
  url = {https://doi.org/10.1038/223721a0},
  year = {1969},
  month = aug,
  publisher = {Springer Science and Business Media {LLC}},
  volume = {223},
  number = {5207},
  pages = {721--722},
  author = {R. A. Sunyaev and Ya. B. Zeldovich},
  title = {Distortions of the Background Radiation Spectrum},
  journal = {Nature}
}

@ARTICLE{sunyaev,
       author = {{Sunyaev}, R.~A. and {Zeldovich}, Ya. B.},
        title = "{The Observations of Relic Radiation as a Test of the Nature of X-Ray Radiation from the Clusters of Galaxies}",
      journal = {Comments on Astrophysics and Space Physics},
     keywords = {Cosmology, Microwave Background Radiation, Clusters of Galaxies, X-Ray Astronomy, Intergalactic Gas},
         year = 1972,
        month = nov,
       volume = {4},
        pages = {173},
       adsurl = {https://ui.adsabs.harvard.edu/abs/1972CoASP...4..173S},
      adsnote = {Provided by the SAO/NASA Astrophysics Data System}
}

@article{burigana3,
  title={{Sunyaev-Zeldovich} and Cosmic Microwave Background},
  author={Burigana, Carlo},
  journal={arXiv e-prints},
  eprint= {arXiv:0712.4352},
  year={2007}
}


@article{practical,
  title={A practical review of the kompaneets equation and its application to {Compton} scattering},
  author={Shirk, Donald G},
  year={2006},
  publisher={Los Alamos National Laboratory (LANL), Los Alamos, NM}
}
@article{burigana1,
  title={A numerical code for the solution of the Kompaneets equation in cosmological context},
  author={Procopio, Pietro and Burigana, Carlo},
  journal={Astronomy \& Astrophysics},
  volume={507},
  number={3},
  pages={1243--1256},
  year={2009},
  publisher={EDP Sciences}
}

@article{burigana2,
title={On the solution of the Kompaneets equation in cosmological context: a numerical code to predict the CMB spectrum under general conditions},
volume={6},
DOI={10.1017/S1743921311007277},
number={S274},
journal={Proceedings of the International Astronomical Union},
publisher={Cambridge University Press},
author={Burigana, C. and Procopio, P. and De Rosa, A.},
year={2010},
pages={361–364}}

@article{escobedo1,
title = {On a quantum Boltzmann equation for a gas of photons},
journal = {Journal de Mathématiques Pures et Appliquées},
volume = {80},
number = {5},
pages = {471-515},
year = {2001},
issn = {0021-7824},
doi = {https://doi.org/10.1016/S0021-7824(00)01201-0},
url = {https://www.sciencedirect.com/science/article/pii/S0021782400012010},
author = {Miguel Escobedo and Stephane Mischler},
}


@article{levermore,
author = {Levermore, C. David and Liu, Hailiang and Pego, Robert L.},
title = {Global Dynamics of Bose--Einstein Condensation for a Model of the Kompaneets Equation},
journal = {SIAM Journal on Mathematical Analysis},
volume = {48},
number = {4},
pages = {2454-2494},
year = {2016},
doi = {10.1137/15M1054377},

URL = { 
        https://doi.org/10.1137/15M1054377
    
},
eprint = { 
        https://doi.org/10.1137/15M1054377
    
}

}

@incollection{positivity,
  doi = {10.1016/s0168-2024(02)80022-4},
  url = {https://doi.org/10.1016/s0168-2024(02)80022-4},
  year = {2002},
  publisher = {Elsevier},
  pages = {469--487},
  author = {O. Kavian},
  title = {Remarks on the {Kompaneets} Equation,  a Simplified Model of the {Fokker-Planck} Equation},
  booktitle = {Nonlinear Partial Differential Equations and their Applications - Coll{\`{e}}ge de France Seminar Volume {XIV}}
}

@INCOLLECTION{liedahl,
       author = {{Liedahl}, D.~A.},
        title = "{The X-Ray Spectral Properties of Photoionized Plasma and Transient Plasmas}",
    booktitle = {X-Ray Spectroscopy in Astrophysics},
         year = 1999,
       editor = {{van Paradijs}, Jan and {Bleeker}, Johan A.~M.},
       volume = {520},
        pages = {189},
          doi = {10.1007/978-3-540-49199-6_3},
       adsurl = {https://ui.adsabs.harvard.edu/abs/1999LNP...520..189L},
      adsnote = {Provided by the SAO/NASA Astrophysics Data System}
}


@article{dreicer,
  doi = {10.1063/1.1711276},
  url = {https://doi.org/10.1063/1.1711276},
  year = {1964},
  publisher = {{AIP} Publishing},
  volume = {7},
  number = {5},
  pages = {735},
  author = {H. Dreicer},
  title = {Kinetic Theory of an Electron-Photon Gas},
  journal = {Physics of Fluids}
}

@article{weymann,
  doi = {10.1063/1.1761165},
  url = {https://doi.org/10.1063/1.1761165},
  year = {1965},
  publisher = {{AIP} Publishing},
  volume = {8},
  number = {11},
  pages = {2112},
  author = {R. Weymann},
  title = {Diffusion Approximation for a Photon Gas Interacting with a Plasma via the {Compton} Effect},
  journal = {Physics of Fluids}
}


@book{rybicki,
  title={Radiative processes in astrophysics},
  author={Rybicki, George B and Lightman, Alan P},
  year={2008},
  publisher={John Wiley \& Sons}
}
@ARTICLE{zhang,
       author = {{Zhang}, Xu and {Chen}, Xurong},
        title = "{Extend the Kompaneets Equation to Down-{Comptonization} Process in a Novel Way}",
      journal = {arXiv e-prints},
     keywords = {Astrophysics - High Energy Astrophysical Phenomena},
         year = 2015,
        month = sep,
       eprint = {arXiv:1509.00140},
}

@article{katz,
  title={High energy astrophysics},
  author={Katz, Jonathan I},
  journal={Frontiers in Physics},
  year={1987}
}

@article{liu,
	author = {{Liu, D.-B.} and {Chen, L.} and {Ling, J. J.} and {You, J. H.} and {Hua, X. M.}},
	title = {Evolution of X-ray spectra in down-{Comptonization}.  A comparison of the
extended {Kompaneets} equation  with {Monte Carlo} simulation and the {Ross-McCray} equation},
	DOI= "10.1051/0004-6361:20031765",
	url= "https://doi.org/10.1051/0004-6361:20031765",
	journal = {A\&A},
	year = 2004,
	volume = 417,
	number = 2,
	pages = "381-389",
}
@ARTICLE{lightman,
	author = {{Lightman}, A.~P.},
	title = "{Double {Compton} emission in radiation dominated thermal plasmas}",
	journal = {\apj},
	keywords = {Compton Effect, Cosmic Plasma, Photon Density, Plasma Radiation, Radiative Transfer, Thermal Plasmas, X Ray Spectra, Astrophysics, Bremsstrahlung, Electron Radiation, Gamma Rays, Particle Collisions, Particle Density (Concentration), Plasma Equilibrium, Quantum Statistics, Astrophysics},
	year = 1981,
	month = mar,
	volume = {244},
	pages = {392-405},
	doi = {10.1086/158716},
	adsurl = {https://ui.adsabs.harvard.edu/abs/1981ApJ...244..392L},
	adsnote = {Provided by the SAO/NASA Astrophysics Data System}
}

@incollection{kremer,
  title={Relativistic boltzmann equation},
  author={Cercignani, Carlo and Kremer, Gilberto Medeiros},
  booktitle={The Relativistic Boltzmann Equation: Theory and Applications},
  pages={31--63},
  year={2002},
  publisher={Springer}
}
@article{weert,
title = {Elements of relativistic kinetic theory},
journal = {Physica},
volume = {69},
number = {2},
pages = {441-457},
year = {1973},
issn = {0031-8914},
doi = {https://doi.org/10.1016/0031-8914(73)90082-7},
url = {https://www.sciencedirect.com/science/article/pii/0031891473900827},
author = {Ch.G. {van Weert} and W.A. {van Leeuwen} and S.R. {de Groot}},
abstract = {The following subjects are treated: scattering matrix, transition rate and cross section in relation to relativistic kinetic theory; unitarity, bilateral normalization and H theorem; covariant one-particle distribution function; relativistic transport equation.}
}

@misc{kolkata,
title={Introduction to Relativistic Transport Theory},
note={Lecture notes},
year={2020},
author={Hendrik van Hees}
}

@article{arca,
  title = {Possible nonequilibrium imprint in the cosmic background at low frequencies},
  author = {Baiesi, Marco and Burigana, Carlo and Conti, Livia and Falasco, Gianmaria and Maes, Christian and Rondoni, Lamberto and Trombetti, Tiziana},
  journal = {Phys. Rev. Research},
  volume = {2},
  issue = {1},
  pages = {013210},
  numpages = {15},
  year = {2020},
  month = Feb,
  publisher = {American Physical Society},
  doi = {10.1103/PhysRevResearch.2.013210},
  url = {https://link.aps.org/doi/10.1103/PhysRevResearch.2.013210}
}

@article{pauli,
  title={{\"U}ber das thermische Gleichgewicht zwischen Strahlung und freien Elektronen},
  author={Pauli, Wolfgang},
  journal={Zeitschrift f{\"u}r Physik},
  volume={18},
  number={1},
  pages={272--286},
  year={1923},
  publisher={Springer}
}

@book{kadanoff,
  title={Quantum statistical mechanics},
  author={Kadanoff, Leo P},
  year={2018},
  publisher={CRC Press}
}

@article{blandford,
  doi = {10.1007/bf00645256},
  url = {https://doi.org/10.1007/bf00645256},
  year = {1975},
  month = sep,
  publisher = {Springer Science and Business Media {LLC}},
  volume = {36},
  number = {2},
  pages = {303--317},
  author = {R. D. Blandford and E. T. Scharlemann},
  title = {On induced {Compton} scattering by relativistic particles},
  journal = {Astrophysics and Space Science}
}

@article{ldb,
  title={Local detailed balance},
  author={Maes, Christian},
  journal={ArXiv e-prints},
  eprint = {arXiv:2011.09200},
  year={2020}
}


@article{electronkompaneets,
  title={Electron kinetic equations for {Comptonization} by isotropic photons},
  author={Iwamoto, N},
  journal={The Astrophysical Journal},
  volume={265},
  pages={1021--1035},
  year={1983}
}
@article{mirco,
  doi = {10.1142/s0217751x17300022},
  url = {https://doi.org/10.1142/s0217751x17300022},
  year = {2017},
  month = jan,
  publisher = {World Scientific Pub Co Pte Lt},
  volume = {32},
  number = {02n03},
  pages = {1730002},
  author = {Mirco Cannoni},
  title = {Lorentz invariant relative velocity and relativistic binary collisions},
  journal = {International Journal of Modern Physics A}
}

@article{chen,
  title={Diffusion approximation in {Comptonization} process of hard X-ray passing through a'cold'plasma-a generalized Kompaneets equation},
  author={Chen, Junfeng and You, Junhan and Cheng, Fuhua},
  journal={Journal of Physics A: Mathematical and General},
  volume={27},
  number={8},
  pages={2905},
  year={1994},
  publisher={IOP Publishing}
}

@article{tong,
  title={Resonant cyclotron scattering in pulsar magnetospheres and its application to isolated neutron stars},
  author={Tong, Hao and Xu, Ren-Xin and Peng, Qiu-He and Song, Li-Ming},
  journal={Research in Astronomy and Astrophysics},
  volume={10},
  number={6},
  pages={553},
  year={2010},
  publisher={IOP Publishing}
}

@article{terrall,
  title={Elementary Treatment of Relativistic Cross Sections},
  author={Terrall, JR},
  journal={American Journal of Physics},
  volume={38},
  number={12},
  pages={1460--1474},
  year={1970},
  publisher={American Association of Physics Teachers}
}

@article{barbosa,
  title={A note on {Compton} scattering},
  author={Barbosa, D.D.},
  journal={The Astrophysical Journal},
  volume={254},
  pages={301--308},
  year={1982}
}

@book{jauch,
  doi = {10.1007/978-3-642-80951-4},
  url = {https://doi.org/10.1007/978-3-642-80951-4},
  year = {1976},
  publisher = {Springer Berlin Heidelberg},
  author = {J. M. Jauch and F. Rohrlich},
  title = {The Theory of Photons and Electrons}
}

@article{brown,
  title={Leading relativistic corrections to the Kompaneets equation},
  author={Brown, Lowell S and Preston, Dean L},
  journal={Astroparticle Physics},
  volume={35},
  number={11},
  pages={742--748},
  year={2012},
  publisher={Elsevier}
}

@article{itoh,
  title={Relativistic corrections to the {Sunyaev-Zeldovich} effect for clusters of galaxies},
  author={Itoh, Naoki and Kohyama, Yasuharu and Nozawa, Satoshi},
  journal={The Astrophysical Journal},
  volume={502},
  number={1},
  pages={7},
  year={1998},
  publisher={IOP Publishing}
}

@article{cooper,
  title={Compton {Fokker-Planck} equation for hot plasmas},
  author={Cooper, Gilbert},
  journal={Physical Review D},
  volume={3},
  number={10},
  pages={2312},
  year={1971},
  publisher={APS}
}


@article{cha,
  title={Relativistic Corrections to the {Sunyaev-Zeldovich} Effect},
  author={Challinor, Anthony and Lasenby, Anthony},
  journal={The Astrophysical Journal},
  volume={499},
  number={1},
  pages={1},
  year={1998},
  publisher={IOP Publishing}
}

@article{ross,
  title={The {Comptonization} of iron X-ray features in compact X-ray sources},
  author={Ross, RANDY R and Weaver, ROBERT and McCray, RICHARD},
  journal={The Astrophysical Journal},
  volume={219},
  pages={292--299},
  year={1978}
}

@phdthesis{hu,
title={Wandering in the Background: A Cosmic Microwave Background Explorer},
author={Wayne T. Hu},
school={University of California at Berkeley},
year={1995}}

@article{itoh2,
	author = {Itoh, N. and Nozawa, S.},
	title = {Relativistic corrections to the {Sunyaev-Zeldovich}  effect for extremely hot clusters of galaxies},
	DOI= "10.1051/0004-6361:20034236",
	url= "https://doi.org/10.1051/0004-6361:20034236",
	journal = {A\&A},
	year = 2004,
	volume = 417,
	number = 3,
	pages = "827-832",
}

@article{kohyama1,
  title={Analytical study on the {Sunyaev-Zeldovich} effect for clusters of galaxies},
  author={Nozawa, Satoshi and Kohyama, Yasuharu},
  journal={Physical Review D},
  volume={79},
  number={8},
  pages={083005},
  year={2009},
  publisher={APS}
}

@article{kohyama2,
  title={Analytical study on the {Sunyaev-Zeldovich} effect for clusters of galaxies. II. Comparison of covariant formalisms},
  author={Nozawa, Satoshi and Kohyama, Yasuharu and Itoh, Naoki},
  journal={Physical Review D},
  volume={82},
  number={10},
  pages={103009},
  year={2010},
  publisher={APS}
}

@article{kohyama3,
  title={Relativistic corrections to the Kompaneets equation},
  author={Nozawa, Satoshi and Kohyama, Yasuharu},
  journal={Astroparticle Physics},
  volume={62},
  pages={30--32},
  year={2015},
  publisher={Elsevier}
}

@article{pitrou,
  title={Radiative transport of relativistic species in cosmology},
  author={Pitrou, Cyril},
  journal={Astroparticle Physics},
  pages={102494},
  year={2020},
  publisher={Elsevier}
}


@unpublished{buet,
  TITLE = {{Anisotropic models and angular moments methods for the {Compton} scattering}},
  AUTHOR = {Buet, C. and Despr{\'e}s, B. and Leroy, Thomas},
  URL = {https://hal.sorbonne-universite.fr/hal-01717173},
  NOTE = {working paper or preprint},
  YEAR = {2018},
  MONTH = Feb,
  PDF = {https://hal.sorbonne-universite.fr/hal-01717173/file/fp_v12.pdf},
  HAL_ID = {hal-01717173},
  HAL_VERSION = {v1},
}
@article{escobedo2,
  title={On a Boltzmann Equation for {Compton} Scattering from Non relativistic Electrons at Low Density},
  author={Cort{\'e}s, E and Escobedo, M},
  journal={Journal of Statistical Physics},
  volume={175},
  number={5},
  pages={819--878},
  year={2019},
  publisher={Springer}
}


@article{mihu,
author = {Mihu,Denisa-Andreea  and Dariescu,Marina-Aura  and Amanoloaei,Gheorghe },
title = {Generalized special solutions to modified Kompaneets equation},
journal = {AIP Conference Proceedings},
volume = {2071},
number = {1},
pages = {020004},
year = {2019},
doi = {10.1063/1.5090051},

URL = { 
        https://aip.scitation.org/doi/abs/10.1063/1.5090051
    
},
eprint = { 
        https://aip.scitation.org/doi/pdf/10.1063/1.5090051
    
}

}
@ARTICLE{arcade1,
	author = {{Fixsen}, D.~J. and {Kogut}, A. and {Levin}, S. and {Limon}, M. and {Lubin}, P. and {Mirel}, P. and {Seiffert}, M. and {Singal}, J. and {Wollack}, E. and {Villela}, T. and {Wuensche}, C.~A.},
	title = "{ARCADE 2 Measurement of the Absolute Sky Brightness at 3-90 GHz}",
	journal = {\apj},
	keywords = {cosmic background radiation, diffuse radiation, radio continuum: general, Astrophysics - Cosmology and Nongalactic Astrophysics},
	year = 2011,
	month = jun,
	volume = {734},
	number = {1},
	eid = {5},
	pages = {5},
	doi = {10.1088/0004-637X/734/1/5},
	archivePrefix = {arXiv},
	eprint = {0901.0555},
	primaryClass = {astro-ph.CO},
	adsurl = {https://ui.adsabs.harvard.edu/abs/2011ApJ...734....5F},
	adsnote = {Provided by the SAO/NASA Astrophysics Data System}
}

@article{arcade2,
	doi = {10.1088/0004-637x/734/1/6},
	url = {https://doi.org/10.1088/0004-637x/734/1/6},
	year = 2011,
	month = {may},
	publisher = {American Astronomical Society},
	volume = {734},
	number = {1},
	pages = {6},
	author = {M. Seiffert and D. J. Fixsen and A. Kogut and S. M. Levin and M. Limon and P. M. Lubin and P. Mirel and J. Singal and T. Villela and E. Wollack and C. A. Wuensche},
	title = {{I}nterpretation of the {ARCADE} 2 absolute sky brightness measurement},
	journal = {The Astrophysical Journal},
}
@article{edges,
	title = {The impact of {EDGES} 21-cm data on dark matter interactions},
	journal = {Physics Letters B},
	volume = {789},
	pages = {137-144},
	year = {2019},
	issn = {0370-2693},
	doi = {https://doi.org/10.1016/j.physletb.2018.11.058},
	url = {https://www.sciencedirect.com/science/article/pii/S0370269318309419},
	author = {Kingman Cheung and Jui-Lin Kuo and Kin-Wang Ng and Yue-Lin Sming Tsai},
}

@article{suwa,
  title={{Kompaneets} equation for neutrinos: Application to neutrino heating in supernova explosions},
  author={Suwa, Yudai and Tahara, Hiroaki WH and Komatsu, Eiichiro},
  journal={Progress of Theoretical and Experimental Physics},
  volume={2019},
  number={8},
  pages={083E04},
  year={2019},
  publisher={Oxford University Press}
}

@article{wang,
  title={Generalized {Kompaneets} formalism for inelastic neutrino-nucleon scattering in supernova simulations},
  author={Wang, Tianshu and Burrows, Adam},
  journal={Physical Review D},
  volume={102},
  number={2},
  pages={023017},
  year={2020},
  publisher={APS}
}


@book{bernstein,
  title={Kinetic theory in the expanding universe},
  author={Bernstein, Jeremy},
  year={2004},
  publisher={Cambridge University Press}
}
@article{brown2,
  title={Compton scattering in a plasma},
  author={Brown, Lowell S},
  journal={Annals of Physics},
  volume={200},
  number={1},
  pages={190--205},
  year={1990},
  publisher={Elsevier}
}
@misc{cross,
title={An examination of differential cross sections for {Compton} scattering},
note={Lecture notes},
author={James Silvester},
year={2014}
}

@misc{cross2,
title={A Calculation of the Differential Cross Section for {Compton} Scattering in Tree-Level Quantum Electrodynamics},
note={Lecture notes},
author={Declan Millar},
year={2014}
}

@article{silveira, 
	title={Observing Light-by-Light Scattering at the Large Hadron Collider}, 
	volume={111}, 
	url={http://dx.doi.org/10.1103/PhysRevLett.111.080405}, DOI={10.1103/physrevlett.111.080405}, 
	number={8}, 
	journal={Physical Review Letters}, 
	publisher={American Physical Society (APS)}, 
	author={d’Enterria, David and da Silveira, Gustavo G.}, 
	year={2013}
} 

@article{koch,
  title = {Time-reversal-symmetry breaking in circuit-QED-based photon lattices},
  author = {Koch, Jens and Houck, Andrew A. and Hur, Karyn Le and Girvin, S. M.},
  journal = {Phys. Rev. A},
  volume = {82},
  issue = {4},
  pages = {043811},
  numpages = {18},
  year = {2010},
  month = oct,
  publisher = {American Physical Society},
  doi = {10.1103/PhysRevA.82.043811},
  url = {https://link.aps.org/doi/10.1103/PhysRevA.82.043811}
}

@article{roushan,
  doi = {10.1038/nphys3930},
  url = {https://doi.org/10.1038/nphys3930},
  year = {2016},
  month = oct,
  publisher = {Springer Science and Business Media {LLC}},
  volume = {13},
  number = {2},
  pages = {146--151},
  author = {P. Roushan and C. Neill and A. Megrant and Y. Chen and R. Babbush and R. Barends and B. Campbell and Z. Chen and B. Chiaro and A. Dunsworth and A. Fowler and E. Jeffrey and J. Kelly and E. Lucero and J. Mutus and P. J. J. O'Malley and M. Neeley and C. Quintana and D. Sank and A. Vainsencher and J. Wenner and T. White and E. Kapit and H. Neven and J. Martinis},
  title = {Chiral ground-state currents of interacting photons in a synthetic magnetic field},
  journal = {Nature Physics}
}

@book{pozar,
  title={Microwave Engineering},
  author={Pozar, D.M.},
  isbn={9780471448785},
  lccn={2003065001},
  year={2004},
  publisher={Wiley}
}

@misc{sethuraman,
      title={On diffusivity of a tagged particle in asymmetric zero-range dynamics}, 
      author={Sunder Sethuraman},
      year={2004},
      eprint={math/0410181},
      archivePrefix={arXiv},
      primaryClass={math.PR}
}


@article{fang,
title = {Realizing effective magnetic field for photons by controlling the phase of dynamic modulation},
author = {Kejie Fang and Zongfu Yu and Shanhui Fan},
year = {2012},
month = Nov,
doi = {10.1038/nphoton.2012.236},
volume = {6},
pages = {782--787},
journal = {Nature Photonics},
issn = {1749-4885},
publisher = {Nature Publishing Group},
number = {11}
}

@article{roy,
  title = {Two-Photon Scattering by a Driven Three-Level Emitter in a One-Dimensional Waveguide and Electromagnetically Induced Transparency},
  author = {Roy, Dibyendu},
  journal = {Phys. Rev. Lett.},
  volume = {106},
  issue = {5},
  pages = {053601},
  numpages = {4},
  year = {2011},
  month = Feb,
  publisher = {American Physical Society},
  doi = {10.1103/PhysRevLett.106.053601},
  url = {https://link.aps.org/doi/10.1103/PhysRevLett.106.053601}
}

@inbook{brin,
  title={Fermi acceleration},
  booktitle={Geometric and Probabilistic Structures in Dynamics: Workshop on Dynamical Systems and Related Topics in Honor of Michael Brin on the Occasion of His 60th Birthday, March 15-18, 2008, University of Maryland, College Park, MD},
  author={Univ, C.P.W.D.S.R.T. and Brin, M. and Workshop on Dynamical Systems and Related Topics and Burns, K. and Dolgopyat, D. and Pesin, Y.B.},
  isbn={9780821842867},
  lccn={2008016613},
  series={Contemporary mathematics - American Mathematical Society},
  year={2008},
  publisher={American Mathematical Society},
pages= {149}
}

@article{fermi,
  title = {On the Origin of the Cosmic Radiation},
  author = {Fermi, Enrico},
  journal = {Phys. Rev.},
  volume = {75},
  issue = {8},
  pages = {1169--1174},
  numpages = {0},
  year = {1949},
  month = Apr,
  publisher = {American Physical Society},
  doi = {10.1103/PhysRev.75.1169},
  url = {https://link.aps.org/doi/10.1103/PhysRev.75.1169}
}

@article{sturrock,
  title = {Stochastic Acceleration},
  author = {Sturrock, P. A.},
  journal = {Phys. Rev.},
  volume = {141},
  issue = {1},
  pages = {186--191},
  numpages = {0},
  year = {1966},
  month = Jan,
  publisher = {American Physical Society},
  doi = {10.1103/PhysRev.141.186},
  url = {https://link.aps.org/doi/10.1103/PhysRev.141.186}
}

@article{roy2,
  title = {Colloquium: Strongly interacting photons in one-dimensional continuum},
  author = {Roy, Dibyendu and Wilson, C. M. and Firstenberg, Ofer},
  journal = {Rev. Mod. Phys.},
  volume = {89},
  issue = {2},
  pages = {021001},
  numpages = {23},
  year = {2017},
  month = May,
  publisher = {American Physical Society},
  doi = {10.1103/RevModPhys.89.021001},
  url = {https://link.aps.org/doi/10.1103/RevModPhys.89.021001}
}

@article{banerjee,
  title = {Active velocity processes with suprathermal stationary distributions and long-time tails},
  author = {Banerjee, Tirthankar and Basu, Urna and Maes, Christian},
  journal = {Phys. Rev. E},
  volume = {101},
  issue = {6},
  pages = {062130},
  numpages = {8},
  year = {2020},
  month = Jun,
  publisher = {American Physical Society},
  doi = {10.1103/PhysRevE.101.062130},
  url = {https://link.aps.org/doi/10.1103/PhysRevE.101.062130}
}

@book{kolokoltsov, 
place={Cambridge}, 
series={Cambridge Tracts in Mathematics}, 
title={Nonlinear {Markov} Processes and Kinetic Equations}, 
DOI={10.1017/CBO9780511760303}, 
publisher={Cambridge University Press}, 
author={Kolokoltsov, Vassili N.}, 
year={2010}, 
collection={Cambridge Tracts in Mathematics}
}

@article{frank,
  doi = {10.1155/2013/149169},
  url = {https://doi.org/10.1155/2013/149169},
  year = {2013},
  month = mar,
  publisher = {Hindawi Limited},
  volume = {2013},
  pages = {1--28},
  author = {T. D. Frank},
  title = {Strongly Nonlinear Stochastic Processes in Physics and the Life Sciences},
  journal = {{ISRN} Mathematical Physics}
}

@article{mckean,
  doi = {10.1073/pnas.56.6.1907},
  url = {https://doi.org/10.1073/pnas.56.6.1907},
  year = {1966},
  month = dec,
  publisher = {Proceedings of the National Academy of Sciences},
  volume = {56},
  number = {6},
  pages = {1907--1911},
  author = {H. P. McKean},
  title = {A class of {Markov} processes associated with nonlinear parabolic equations},
  journal = {Proceedings of the National Academy of Sciences}
}

@article{funaki,
  doi = {10.1007/bf00535008},
  url = {https://doi.org/10.1007/bf00535008},
  year = {1984},
  publisher = {Springer Science and Business Media {LLC}},
  volume = {67},
  number = {3},
  pages = {331--348},
  author = {Tadahisa Funaki},
  title = {A certain class of diffusion processes associated with nonlinear parabolic equations},
  journal = {Zeitschrift f{\"u}r Wahrscheinlichkeitstheorie und Verwandte Gebiete}
}

@article{blythe,
	doi = {10.1088/1751-8113/40/46/r01},
	url = {https://doi.org/10.1088/1751-8113/40/46/r01},
	year = 2007,
	month = oct,
	publisher = {{IOP} Publishing},
	volume = {40},
	number = {46},
	pages = {R333--R441},
	author = {R A Blythe and M R Evans},
	title = {Nonequilibrium steady states of matrix-product form: a solver{\textquotesingle}s guide},
	journal = {Journal of Physics A: Mathematical and Theoretical},
}

@article{cocozza,
	doi = {10.1007/bf00531864},
	url = {https://doi.org/10.1007/bf00531864},
	year = {1985},
	publisher = {Springer Science and Business Media {LLC}},
	volume = {70},
	number = {4},
	pages = {509--523},
	author = {Christiane Cocozza-Thivent},
	title = {Processus des misanthropes},
	journal = {Zeitschrift f{\"u}r Wahrscheinlichkeitstheorie und Verwandte Gebiete}
}

@misc{jara,
	title={Nonequilibrium fluctuations for a tagged particle in one-dimensional sublinear rate zero-range processes}, 
	author={Milton Jara and Claudio Landim and Sunder Sethuraman},
	year={2010},
	eprint={1011.1199},
	archivePrefix={arXiv},
	primaryClass={math.PR}
}

@article{metaphotonics,
	title = {Metaphotonics: An emerging field with opportunities and challenges},
	journal = {Physics Reports},
	volume = {594},
	pages = {1-60},
	year = {2015},
	note = {Metaphotonics: An emerging field with opportunities and challenges},
	issn = {0370-1573},
	doi = {https://doi.org/10.1016/j.physrep.2015.07.002},
	url = {https://www.sciencedirect.com/science/article/pii/S0370157315003361},
	author = {Alexander Baev and Paras N. Prasad and Hans Ågren and Marek Samoć and Martin Wegener},
}

@book{toral,
	doi = {10.1002/9783527683147},
	url = {https://doi.org/10.1002/9783527683147},
	year = {2014},
	month = jul,
	publisher = {Wiley-{VCH} Verlag {GmbH} {\&} Co. {KGaA}},
	editor = {Ra{\'{u}}l Toral and Pere Colet},
	title = {Stochastic Numerical Methods}
}

@Inbook{macdon,
	author="Oldham, Keith B.
	and Myland, Jan C.
	and Spanier, Jerome",
	title="The Macdonald Function Kv(x)",
	bookTitle="An Atlas of Functions: with Equator, the Atlas Function Calculator",
	year="2009",
	publisher="Springer US",
	address="New York, NY",
	pages="527--536",
	isbn="978-0-387-48807-3",
	doi="10.1007/978-0-387-48807-3_52",
	url="https://doi.org/10.1007/978-0-387-48807-3_52"
}

@ARTICLE{einstein,
	author = {{Einstein}, Albert},
	title = "{Zur Quantentheorie der Strahlung}",
	journal = {Physikalische Zeitschrift},
	year = 1917,
	month = jan,
	volume = {18},
	pages = {121-128},
	adsurl = {https://ui.adsabs.harvard.edu/abs/1917PhyZ...18..121E},
	adsnote = {Provided by the SAO/NASA Astrophysics Data System}
}

@misc{emrmodel,
	title={Stochastic Dynamics of {Einstein} Matter-Radiation Model with Spikes}, 
	author={E. Pechersky and A. Yambartsev and V. Zagrebnov},
	year={2018},
	eprint={1803.08962},
	archivePrefix={arXiv},
	primaryClass={math.PR}
}
@article{supra1,
title = {Producing suprathermal tails in the stationary velocity distribution},
journal = {Physica A: Statistical Mechanics and its Applications},
volume = {552},
pages = {122179},
year = {2020},
note = {Tributes of Non-equilibrium Statistical Physics},
issn = {0378-4371},
doi = {https://doi.org/10.1016/j.physa.2019.122179},
url = {https://www.sciencedirect.com/science/article/pii/S0378437119312634},
author = {Thibaut Demaerel and Wojciech {De Roeck} and Christian Maes},
keywords = {Fluctuations, Nonequilibria, Space plasma, Non-Maxwellian, Granular media},
}

@article{dark,
  doi = {10.1007/s10714-007-0554-8},
  url = {https://doi.org/10.1007/s10714-007-0554-8},
  year = {2007},
  month = dec,
  publisher = {Springer Science and Business Media {LLC}},
  volume = {40},
  number = {2-3},
  pages = {467--527},
  author = {Thomas Buchert},
  title = {{Dark Energy} from structure: a status report},
  journal = {General Relativity and Gravitation}
}

@misc{gitlab,
	title = {Photon diffusion process},
	author = {Kasper Meerts},
	howpublished = {\url{https://gitlab.kuleuven.be/u0131889/photon-diffusion-process/-/tags/v1.0}}
}

@article{przem,
  title={Non-linear diffusion with stochastic resetting},
  author={Chelminiak, Przemyslaw},
  journal={arXiv preprint arXiv:2107.14680},
  year={2021}
}

@article{evans1,
  title = {Diffusion with Stochastic Resetting},
  author = {Evans, Martin R. and Majumdar, Satya N.},
  journal = {Phys. Rev. Lett.},
  volume = {106},
  issue = {16},
  pages = {160601},
  numpages = {4},
  year = {2011},
  month = {Apr},
  publisher = {American Physical Society},
  doi = {10.1103/PhysRevLett.106.160601},
  url = {https://link.aps.org/doi/10.1103/PhysRevLett.106.160601}
}

@article{evans2,
	doi = {10.1088/1751-8113/44/43/435001},
	url = {https://doi.org/10.1088/1751-8113/44/43/435001},
	year = 2011,
	month = {oct},
	publisher = {{IOP} Publishing},
	volume = {44},
	number = {43},
	pages = {435001},
	author = {Martin R Evans and Satya N Majumdar},
	title = {Diffusion with optimal resetting},
	journal = {Journal of Physics A: Mathematical and Theoretical},
}

@article{evans3,
	doi = {10.1088/1751-8121/ab7cfe},
	url = {https://doi.org/10.1088/1751-8121/ab7cfe},
	year = 2020,
	month = {apr},
	publisher = {{IOP} Publishing},
	volume = {53},
	number = {19},
	pages = {193001},
	author = {Martin R Evans and Satya N Majumdar and Gr{\'{e}}gory Schehr},
	title = {Stochastic resetting and applications},
	journal = {Journal of Physics A: Mathematical and Theoretical},
}

@article{tong1,
  doi = {10.1007/s10115-007-0094-2},
  url = {https://doi.org/10.1007/s10115-007-0094-2},
  year = {2007},
  month = jul,
  publisher = {Springer Science and Business Media {LLC}},
  volume = {14},
  number = {3},
  pages = {327--346},
  author = {Hanghang Tong and Christos Faloutsos and Jia-Yu Pan},
  title = {Random walk with restart: fast solutions and applications},
  journal = {Knowledge and Information Systems}
}

@article{paper2,
  doi = {10.1007/s10955-022-02960-0},
  url = {https://doi.org/10.1007/s10955-022-02960-0},
  year = {2022},
  month = jul,
  publisher = {Springer Science and Business Media {LLC}},
  volume = {189},
  number = {1},
  author = {Guilherme Eduardo {Freire Oliveira} and Christian Maes and Kasper Meerts},
  title = {Photon Frequency Diffusion Process},
  journal = {Journal of Statistical Physics}
}

@article{solis-salas,
  title = {Random Walks with Preferential Relocations to Places Visited in the Past and their Application to Biology},
  author = {Boyer, Denis and Solis-Salas, Citlali},
  journal = {Phys. Rev. Lett.},
  volume = {112},
  issue = {24},
  pages = {240601},
  numpages = {5},
  year = {2014},
  month = {Jun},
  publisher = {American Physical Society},
  doi = {10.1103/PhysRevLett.112.240601},
  url = {https://link.aps.org/doi/10.1103/PhysRevLett.112.240601}
}

@article{nagirner,
	doi = {10.1007/bf03035735},
	url = {https://doi.org/10.1007%2Fbf03035735},
	year = 1997,
	month = {jul},
	publisher = {Springer Science and Business Media {LLC}},
	volume = {40},
	number = {3},
	pages = {227--236},
	author = {D. I. Nagirner and V. M. Loskutov and S. I. Grachev},
	title = {Exact and numerical solutions of the kompaneets equation: Evolution of the spectrum and average frequencies},
	journal = {Astrophysics}
}

@book{fra,
  title={Nonlinear Fokker-Planck equations: fundamentals and applications},
  author={Frank, Till Daniel},
  year={2005},
  publisher={Springer Science \& Business Media}
}

@misc{res,
  doi = {10.48550/ARXIV.2203.11713},
  url = {https://arxiv.org/abs/2203.11713},
  author = {Oliveira, Guilherme Eduardo Freire and Maes, Christian and Meerts, Kasper},
  keywords = {Statistical Mechanics (cond-mat.stat-mech), FOS: Physical sciences, FOS: Physical sciences},
  title = {Resetting photons},
  publisher = {arXiv},
  year = {2022},
  copyright = {Creative Commons Attribution 4.0 International}
}

